<record><leader>00000cas a22000007a 4500</leader><controlfield tag="001">18102217</controlfield><controlfield tag="008">880617d19011917ohuir ne      0    0eng d</controlfield><datafield ind1=" " ind2=" " tag="010"><subfield code="a">sn 88077517 </subfield></datafield><datafield ind1=" " ind2=" " tag="040"><subfield code="a">ONP</subfield><subfield code="b">eng</subfield><subfield code="c">ONP</subfield><subfield code="d">OCL</subfield><subfield code="d">ONP</subfield><subfield code="d">OBN</subfield><subfield code="d">OCLCQ</subfield></datafield><datafield ind1=" " ind2=" " tag="019"><subfield code="a">18102222</subfield></datafield><datafield ind1=" " ind2=" " tag="042"><subfield code="a">msc</subfield></datafield><datafield ind1="0" ind2=" " tag="130"><subfield code="a">Semi-weekly Madison County democrat (London, Ohio : 1901)</subfield></datafield><datafield ind1="1" ind2="4" tag="245"><subfield code="a">The Semi-weekly Madison County democrat.</subfield></datafield><datafield ind1="3" ind2="0" tag="246"><subfield code="a">Tri-weekly democrat Madison County democrat</subfield></datafield><datafield ind1=" " ind2=" " tag="260"><subfield code="a">London, Ohio :</subfield><subfield code="b">C.E. &amp; O.M. Bryan,</subfield><subfield code="c">1901-1917.</subfield></datafield><datafield ind1=" " ind2=" " tag="310"><subfield code="a">Triweekly,</subfield><subfield code="b">June 18, 1917</subfield></datafield><datafield ind1=" " ind2=" " tag="321"><subfield code="a">Semiweekly,</subfield><subfield code="b">Dec. 10, 1901-June 15, 1917</subfield></datafield><datafield ind1="0" ind2=" " tag="362"><subfield code="a">45th year, no. 1 (Dec. 10, 1901)-60th year, no. 59 (June 18, 1917).</subfield></datafield><datafield ind1=" " ind2=" " tag="500"><subfield code="a">Published as: Tri-weekly democrat Madison County democrat, June 18, 1917.</subfield></datafield><datafield ind1=" " ind2=" " tag="752"><subfield code="a">United States</subfield><subfield code="b">Ohio</subfield><subfield code="c">Madison</subfield><subfield code="d">London.</subfield></datafield><datafield ind1="0" ind2="0" tag="780"><subfield code="t">Madison County democrat (London, Ohio : 1862)</subfield><subfield code="w">(DLC)sn 86079136</subfield></datafield><datafield ind1="0" ind2="0" tag="785"><subfield code="t">Tri-weekly Madison County democrat</subfield><subfield code="w">(DLC)sn 88077519</subfield></datafield><datafield ind1="1" ind2=" " tag="029"><subfield code="a">AU@</subfield><subfield code="b">000025785303</subfield></datafield></record>